<record><leader>00000cas a2200000 a 4500</leader><controlfield tag="001">2715991</controlfield><controlfield tag="008">770202d18381843aruwr ne      0    0eng  </controlfield><datafield ind1=" " ind2=" " tag="010"><subfield code="a">sn 85025927 </subfield><subfield code="z">   77640225 </subfield></datafield><datafield ind1=" " ind2=" " tag="040"><subfield code="a">DLC</subfield><subfield code="b">eng</subfield><subfield code="c">DLC</subfield><subfield code="d">NPX</subfield><subfield code="d">DLC</subfield><subfield code="d">ANU</subfield><subfield code="d">KNP</subfield><subfield code="d">OCL</subfield><subfield code="d">OCLCO</subfield><subfield code="d">OCLCQ</subfield><subfield code="d">OCLCF</subfield></datafield><datafield ind1="1" ind2=" " tag="029"><subfield code="a">AU@</subfield><subfield code="b">000025824965</subfield></datafield><datafield ind1=" " ind2=" " tag="042"><subfield code="a">msc</subfield></datafield><datafield ind1=" " ind2=" " tag="043"><subfield code="a">n-us-ar</subfield></datafield><datafield ind1="0" ind2="0" tag="050"><subfield code="a">Newspaper 7087</subfield></datafield><datafield ind1="0" ind2="4" tag="245"><subfield code="a">The Batesville news.</subfield></datafield><datafield ind1=" " ind2=" " tag="260"><subfield code="a">Batesville, Ark. :</subfield><subfield code="b">Byers &amp; Jordan</subfield></datafield><datafield ind1=" " ind2=" " tag="300"><subfield code="a">v. :</subfield><subfield code="b">ill. ;</subfield><subfield code="c">57 cm.</subfield></datafield><datafield ind1=" " ind2=" " tag="310"><subfield code="a">Weekly</subfield></datafield><datafield ind1="1" ind2=" " tag="362"><subfield code="a">Began May 10, 1838; ceased July 26, 1843.</subfield></datafield><datafield ind1=" " ind2=" " tag="588"><subfield code="a">Description based on: Vol. 1, no. 3 (May 24, 1838).</subfield></datafield><datafield ind1=" " ind2="0" tag="651"><subfield code="a">Batesville (Ark.)</subfield><subfield code="v">Newspapers.</subfield></datafield><datafield ind1=" " ind2="7" tag="655"><subfield code="a">Newspapers.</subfield><subfield code="2">fast</subfield><subfield code="0">(OCoLC)fst01423814</subfield></datafield><datafield ind1=" " ind2="7" tag="651"><subfield code="a">Arkansas</subfield><subfield code="z">Batesville.</subfield><subfield code="2">fast</subfield><subfield code="0">(OCoLC)fst01205685</subfield></datafield><datafield ind1=" " ind2=" " tag="752"><subfield code="a">United States</subfield><subfield code="b">Arkansas</subfield><subfield code="c">Independence</subfield><subfield code="d">Batesville.</subfield></datafield><datafield ind1="0" ind2="0" tag="785"><subfield code="t">North Arkansas</subfield><subfield code="w">(DLC)sn 84021933</subfield></datafield></record>